<marc:record xmlns:marc="http://www.loc.gov/MARC21/slim" xmlns:xsi="http://www.w3.org/2001/XMLSchema-instance" xsi:schemaLocation="http://www.loc.gov/MARC21/slim http://www.loc.gov/standards/marcxml/schema/MARC21slim.xsd">
  <marc:leader>     cam a2200277ua 4500</marc:leader>
  <marc:controlfield tag="001">001680051</marc:controlfield>
  <marc:controlfield tag="003">NNU</marc:controlfield>
  <marc:controlfield tag="005">20001218221852.0</marc:controlfield>
  <marc:controlfield tag="008">950908s1964    iq c     b    000 0dara d</marc:controlfield>
  <marc:datafield tag="035" ind1="9" ind2=" ">
    <marc:subfield code="a">NYUb12223449</marc:subfield>
  </marc:datafield>
  <marc:datafield tag="035" ind1=" " ind2=" ">
    <marc:subfield code="a">(NjP)notisCBX0780</marc:subfield>
  </marc:datafield>
  <marc:datafield tag="035" ind1=" " ind2=" ">
    <marc:subfield code="a">(CStRLIN)NJPG95-B56146</marc:subfield>
  </marc:datafield>
  <marc:datafield tag="040" ind1=" " ind2=" ">
    <marc:subfield code="a">NjP</marc:subfield>
    <marc:subfield code="c">NjP</marc:subfield>
  </marc:datafield>
  <marc:datafield tag="043" ind1=" " ind2=" ">
    <marc:subfield code="a">aw-----</marc:subfield>
    <marc:subfield code="a">a-iq---</marc:subfield>
  </marc:datafield>
  <marc:datafield tag="100" ind1="0" ind2=" ">
    <marc:subfield code="a">Bint al-Shāṭiʼ.</marc:subfield>
  </marc:datafield>
  <marc:datafield tag="245" ind1="1" ind2="0">
    <marc:subfield code="a">Dār al-Salam fi ḥayāt Abī al-ʻAlāʼ /</marc:subfield>
    <marc:subfield code="c">bi-qalam ʻĀʼishah ʻAbd al-Raḥmān, Bint al-Shāṭīʼ.</marc:subfield>
  </marc:datafield>
  <marc:datafield tag="260" ind1=" " ind2=" ">
    <marc:subfield code="a">Baghdād :</marc:subfield>
    <marc:subfield code="b">Wizārat al-Irshād,</marc:subfield>
    <marc:subfield code="c">1964.</marc:subfield>
  </marc:datafield>
  <marc:datafield tag="300" ind1=" " ind2=" ">
    <marc:subfield code="a">59 p. :</marc:subfield>
    <marc:subfield code="b">port. ;</marc:subfield>
    <marc:subfield code="c">23 cm.</marc:subfield>
  </marc:datafield>
  <marc:datafield tag="490" ind1="1" ind2=" ">
    <marc:subfield code="a">Silsilah al-thaqāfīyah ;</marc:subfield>
    <marc:subfield code="v">4</marc:subfield>
  </marc:datafield>
  <marc:datafield tag="504" ind1=" " ind2=" ">
    <marc:subfield code="a">Includes bibliographical references.</marc:subfield>
  </marc:datafield>
  <marc:datafield tag="600" ind1="0" ind2="0">
    <marc:subfield code="a">Abū al-ʻAlāʼ al-Maʻarrī,</marc:subfield>
    <marc:subfield code="d">973-1057.</marc:subfield>
  </marc:datafield>
  <marc:datafield tag="650" ind1=" " ind2="0">
    <marc:subfield code="a">Poets, Arab</marc:subfield>
    <marc:subfield code="z">Islamic Empire</marc:subfield>
    <marc:subfield code="v">Biography.</marc:subfield>
  </marc:datafield>
  <marc:datafield tag="651" ind1=" " ind2="0">
    <marc:subfield code="a">Baghdad (Iraq)</marc:subfield>
    <marc:subfield code="x">History.</marc:subfield>
  </marc:datafield>
  <marc:datafield tag="830" ind1=" " ind2="0">
    <marc:subfield code="a">Silsilah al-thaqāfīyah ;</marc:subfield>
    <marc:subfield code="v">4.</marc:subfield>
  </marc:datafield>
  <marc:datafield tag="950" ind1=" " ind2=" ">
    <marc:subfield code="l">BMAIN</marc:subfield>
    <marc:subfield code="a">PJ7750.A25</marc:subfield>
    <marc:subfield code="b">Z59</marc:subfield>
  </marc:datafield>
  <marc:datafield tag="955" ind1=" " ind2=" ">
    <marc:subfield code="l">BMAIN</marc:subfield>
    <marc:subfield code="c">1</marc:subfield>
    <marc:subfield code="r">028859406</marc:subfield>
  </marc:datafield>
  <marc:datafield tag="998" ind1=" " ind2=" ">
    <marc:subfield code="s">9124</marc:subfield>
  </marc:datafield>
</marc:record>
